%% This BibTeX bibliography file was created using BibDesk.
%% http://bibdesk.sourceforge.net/


%% Created for Lauro Cesar Araujo at 2013-04-05 08:03:49 -0300 
%% Modified for R. Campiolo ~ 2017
%% Modified for academic usage for maralucilg september/2019.


%% Saved with string encoding Unicode (UTF-8) 


% modelo ref de site
\begin{coment}
@MISC{BLOGAGEON:2019,
author = {BLOG AGEON},
title = {Rel√≥gio em Tempo Real.},
month = jun,
year = {2019},
howpublished={\url{
http://blog.ageon.com.br/relogio-em-tempo-real-o-que-e-e-para-que-serve//}}
}
\end{coment}


% https://www.codecademy.com/paths/build-chatbots-with-python/tracks/introduction-to-python-and-chatbots/modules/intro-to-chatbots/articles/ethics-of-chatbots

% https://www.coursera.org/learn/building-ai-applications/home/welcome

%Usability Evaluation of a Mobile Application in Extraordinary Environment for Extraordinary People



